# Journals: Monat

@inproceedings{Lin04radiometriccalibration,
	author = {S. Lin and J. Gu and S. Yamazaki and H.-Y. Shum},
	title = {Radiometric Calibration From a Single Image},
	booktitle = {IEEE Conference on Computer Vision and Pattern Recognition},
	year = {2004},
	pages = {938--945}
}

@inproceedings{CAVE_0068, 
	author = {T. Mitsunaga and S.-K. Nayar},
	title = {{R}adiometric {S}elf {C}alibration},
	booktitle = {IEEE Conference on Computer Vision and Pattern Recognition},
	volume = {1},
	pages = {374--380},
	month = Jun,
	year = {1999}
}

@article{CAVE_0091, 
	author = {M.-D. Grossberg and S.-K. Nayar},
	title = {{M}odeling the {S}pace of {C}amera {R}esponse {F}unctions},
	journal = {IEEE Transactions on Pattern Analysis and Machine Intelligence},
	volume = {26},
	number = {10},
	pages = {1272--1282},
	month = Oct,
	year = {2004},
	organization={IEEE Computer Society}
}

@inproceedings{ng_cvpr07,
	Author = {T.-T. Ng and S.-F. Chang and M.-P. Tsui},
	Title = {{U}sing {G}eometry {I}nvariants for {C}amera {R}esponse {F}unction {E}stimation},
	BookTitle = {IEEE Conference on Computer Vision and Pattern Recognition},
	Month = Jun,
	pages={1--8},
	year = {2007}
}

@inproceedings{ng_wifs09_1,
	author = {T.-T. Ng and M.-P. Tsui},
  title = {{C}amera {R}esponse {F}unction {S}ignature for {D}igital {F}orensics - {P}art I: {T}heory and {D}ata {S}election},
	booktitle = {IEEE Workshop on Information Forensics and Security},
	month = Dec,
	year = {2009}
}

@inproceedings{ng_wifs09_2,
	author = {T.-T. Ng},
	title = {{C}amera {R}esponse {F}unction {S}ignature for {D}igital {F}orensics - {P}art II: {S}ignature {E}xtraction},
	booktitle = {IEEE Workshop on Information Forensics and Security},
	month = Dec,
	year = {2009}
}

@conference{hsu2007image,
  title={{Image Splicing Detection using Camera Response Function Consistency and Automatic Segmentation}},
  author={Y.F. Hsu and S.F. Chang},
  booktitle={IEEE International Conference on Multimedia \& Expo},
  pages={28--31},
  year={2007}
}

@article{farid2001aa,
	Author = {H. Farid},
	Journal = {IEEE Transactions on Image Processing},
	Number = 10,
	Pages = {1428--1433},
	Title = {Blind Inverse Gamma Correction},
	Volume = 10,
	Year = 2001,
	publisher={IEEE Signal Processing Society}
}

@article{canny1987computational,
  title={{A Computational Approach to Edge Detection}},
  author={J. Canny},
  journal={Readings in Computer Vision: Issues, Problems, Principles, and Paradigms},
  pages={184--203},
  year={1987},
  month=Jun,
  publisher={Morgan Kaufmann Publishers, Inc.}
}

@misc{WWW:lmfit,
  title={{lmfit - a C/C++ Routine for Levenberg-Marquardt Minimization}},
  author={J. Wuttke},
  month= May,
  year={2010},
  howpublished={\url{http://www.messen-und-deuten.de/lmfit/}}
}

@article{chang1996rgb,
  title={{RGB Calibration for Color Image Analysis in Machine Vision}},
  author={Y.-C. Chang and J.-F. Reid},
  journal={IEEE Transactions on Image Processing},
  volume={5},
  number={10},
  pages={1414--1422},
  year={1996},
  month=Oct,
  publisher={IEEE Signal Processing Society}
}

@inproceedings{mann1995being,
  title={{Being ’Undigital’ with Digital Cameras: Extending Dynamic Range by Combining Differently Exposed Pictures}},
  author={S. Mann and R.-W. Picard},
  booktitle={IS\&T’s 48th Annual Conference},
  pages={422--428},
  year={1995},
  organization={Citeseer},
  publisher={IS\&T}
}

@article{takamatsu2008estimatingCVPR,
  title={{Estimating Radiometric Response Functions from Image Noise Variance}},
  author={J. Takamatsu and Y. Matsushita and K. Ikeuchi},
  journal={European Conference on Computer Vision},
  pages={623--637},
  year={2008},
  month=Oct,
  publisher={Springer}
}

@inproceedings{takamatsu2008estimatingECCV,
  title={{Estimating Camera Response Functions using Probabilistic Intensity Similarity}},
  author={J. Takamatsu and Y. Matsushita and K. Ikeuchi},
  booktitle={IEEE Conference on Computer Vision and Pattern Recognition},
  pages={1--8},
  year={2008}
}

@inproceedings{nayar2000high,
  title={{High Dynamic Range Imaging: Spatially varying pixel exposures}},
  author={S.-K. Nayar and T. Mitsunaga},
  booktitle={IEEE Conference on Computer Vision and Pattern Recognition},
  pages={472--479},
  year={2000},
}

@article{tancolorconstancy,
  title={{Color Constancy through Inverse-Intensity Chromaticity Space}},
  author={R.-T. Tan and K. Nishino and K. Ikeuchi},
  journal={Journal of the Optical Society of America A},
  volume={21},
  number={3},
  month=Mar,
  pages={321--334},
  year={2004},
}

@article{finlayson2001color,
  title={{Color by Correlation: A Simple, Unifying Framework for Color Constancy}},
  author={G.-D. Finlayson and S.D. Hordley and P.M. Hubel},
  journal={IEEE Transactions on Pattern Analysis and Machine Intelligence},
  volume={23},
  number={11},
  pages={1209--1221},
  month=Nov,
  year={2001},
  organization={IEEE Computer Society}
}

@article{funt1995color,
  title={{Color Constant Color Indexing}},
  author={B.V. Funt and G.D. Finlayson},
  journal={IEEE Transactions on Pattern Analysis and Machine Intelligence},
  volume={17},
  number={5},
  pages={522--529},
  year={1995},
  month=May,
  organization={IEEE Computer Society}
}

@inproceedings{debevec2008recovering,
 author = {P.-E. Debevec and J. Malik},
 title = {Recovering High Dynamic Range Radiance Maps from Photographs},
 booktitle = {Proceedings of the 24th Annual Conference on Computer Graphics and Interactive Techniques},
 year = {1997},
 pages = {369--378},
 publisher = {Addison-Wesley Publishing Co.},
 address = {New York, NY, USA},
 }
 
@article{basri2007photometric,
  title={{Photometric Stereo with General, Unknown Lighting}},
  author={R. Basri and D. Jacobs and I. Kemelmacher},
  journal={International Journal of Computer Vision},
  volume={72},
  number={3},
  pages={239--257},
  year={2007},
  month=May,
  publisher={Springer}
}

@article{woodham1980photometric,
  title={{Photometric Method for Determining Surface Orientation from Multiple Images}},
  author={R.J. Woodham},
  journal={Optical Engineering},
  volume={19},
  number={1},
  pages={139--144},
  year={1980},
  month=Jan
}

@inproceedings{lin2005determining,
	author = {S. Lin and L. Zhang},
	title = {Determining the Radiometric Response Function from a Single Grayscale Image},
	booktitle ={IEEE Conference on Computer Vision and Pattern Recognition},
	volume = {2},
	year = {2005},
	pages = {66--73},
	publisher = {IEEE Computer Society},
	address = {Los Alamitos, CA, USA},
}

@article{kimmel1998demosaicing,
  title={{Demosaicing: Image Reconstruction from Color CCD Samples}},
  author={R. Kimmel},
  journal={European Conference on Computer Vision},
  pages={610--622},
  year={1998},
  publisher={Springer}
}

@article{healey1994radiometric,
  title={{Radiometric CCD Camera Calibration and Noise Estimation}},
  author={G. Healey and R. Kondepudy},
  journal={IEEE Transactions on Pattern Analysis and Machine Intelligence},
  pages={267--276},
  year={1994},
  publisher={IEEE Computer Society}
}

@article{zhang1999shape,
  title={{Shape-from-Shading: a Survey}},
  author={R. Zhang and P.S. Tsai and J.E. Cryer and M. Shah},
  journal={IEEE Transactions on Pattern Analysis and Machine Intelligence},
  volume={21},
  number={8},
  pages={690--706},
  year={1999},
  organization={IEEE Computer Society}
}

@INPROCEEDINGS{rongrong-detecting,
  author = {Z. Lin and R. Wang and X. Tang and H.-Y. Shum},
  title = {Detecting Doctored Images using Camera Response Normality and Consistency},
  booktitle = {IEEE Conference on Computer Vision and Pattern Recognition},
  year = {2005},
  pages = {1087--1092}
}

@book{opencv_library,
  address = {Cambridge, MA},
  author = {G. Bradski and A. Kaehler},
  citeulike-article-id = {3502180},
  keywords = {opencv, vision},
  posted-at = {2008-11-11 02:28:18},
  publisher = {O'Reilly Media},
  title = {Learning OpenCV: Computer Vision with the OpenCV Library},
  month = Sep,
  year = {2008}
}

@book{gimp,
  author = {B.-K. Lechner},
  edition = 1,
  publisher = {Addison-Wesley, M\"{u}nchen},
  title = {Gimp ab Version 2.4},
  year = {2007},
  month = Oct
}

@book{photoshop,
    author = {W. Pfaffe},
    day = {31},
    month = Mar,
    priority = {2},
    publisher = {Springer},
    title = {Digitale Bildbearbeitung f\"{u}r Fotografen: Was Fotografen in Photoshop beherrschen sollten, was sie \"{u}ber das digitale Bild und \"{u}ber Colormanagement wissen m\"{u}ssen},
    year = {2005}
}

@inproceedings{ciurea2003large,
  title={{A large Image Database for Color Constancy Research}},
  author={F. Ciurea and B. Funt},
  booktitle={Proceedings of the IS\&T/SID Eleventh Color Imaging Conference},
  pages={160--164},
  year={2003},
  publisher={Society of Information Display}
}